<record><leader>00000cas a2200000 a 4500</leader><controlfield tag="001">17867436</controlfield><controlfield tag="008">880429d18811886waudr ne      0    0eng d</controlfield><datafield ind1=" " ind2=" " tag="010"><subfield code="a">sn 88085610 </subfield></datafield><datafield ind1=" " ind2=" " tag="040"><subfield code="a">SLZ</subfield><subfield code="b">eng</subfield><subfield code="c">SLZ</subfield><subfield code="d">OCL</subfield><subfield code="d">OCLCQ</subfield><subfield code="d">OCLCF</subfield><subfield code="d">OCLCO</subfield><subfield code="d">OCLCA</subfield></datafield><datafield ind1=" " ind2=" " tag="042"><subfield code="a">msc</subfield></datafield><datafield ind1=" " ind2=" " tag="043"><subfield code="a">n-us-wa</subfield></datafield><datafield ind1="0" ind2="0" tag="245"><subfield code="a">Seattle daily chronicle.</subfield></datafield><datafield ind1="3" ind2="0" tag="246"><subfield code="a">Daily chronicle</subfield></datafield><datafield ind1="3" ind2="0" tag="246"><subfield code="a">Seattle chronicle</subfield></datafield><datafield ind1=" " ind2=" " tag="260"><subfield code="a">Seattle, Wash. Terr. :</subfield><subfield code="b">W.M. Leach and R. Andrews Pub.</subfield></datafield><datafield ind1=" " ind2=" " tag="300"><subfield code="a">v.</subfield></datafield><datafield ind1=" " ind2=" " tag="310"><subfield code="a">Daily</subfield></datafield><datafield ind1="1" ind2=" " tag="362"><subfield code="a">Began in Oct. 1881? Ceased in 1886.</subfield></datafield><datafield ind1=" " ind2=" " tag="500"><subfield code="a">Title varies: &lt;Oct. 13-14, 1881&gt; Seattle chronicle.</subfield></datafield><datafield ind1=" " ind2=" " tag="515"><subfield code="a">Numbered irregularly.</subfield></datafield><datafield ind1=" " ind2="0" tag="651"><subfield code="a">Seattle (Wash.)</subfield><subfield code="v">Newspapers.</subfield></datafield><datafield ind1=" " ind2="7" tag="655"><subfield code="a">Newspapers.</subfield><subfield code="2">fast</subfield><subfield code="0">(OCoLC)fst01423814</subfield></datafield><datafield ind1=" " ind2="7" tag="651"><subfield code="a">Washington (State)</subfield><subfield code="z">Seattle.</subfield><subfield code="2">fast</subfield><subfield code="0">(OCoLC)fst01204940</subfield></datafield><datafield ind1=" " ind2=" " tag="752"><subfield code="a">United States</subfield><subfield code="b">Washington</subfield><subfield code="c">King</subfield><subfield code="d">Seattle.</subfield></datafield><datafield ind1="0" ind2="7" tag="785"><subfield code="t">Seattle daily call (Seattle, Wash. : 1885)</subfield><subfield code="w">(DLC)sn 87093348</subfield></datafield><datafield ind1="0" ind2="7" tag="785"><subfield code="t">Seattle daily press (Seattle, Wash. : 1886)</subfield><subfield code="w">(DLC)sn 87093349</subfield></datafield></record>